@article{Ke2016Negatively,
  title={Negatively Correlated Search},
  author={Ke, Tang and Peng, Yang and Xin, Yao},
  journal={IEEE Journal on Selected Areas in Communications},
  volume={34},
  number={3},
  pages={542-550},
  year={2016},
}

@article{Beyer2002Evolution,
  title={Evolution strategies â€“ A comprehensive introduction},
  author={Beyer, Hans Georg and Schwefel, Hans Paul},
  journal={Natural Computing},
  volume={1},
  number={1},
  pages={3-52},
  year={2002},
}

@article{Ahmed2015Minimizing,
  title={Minimizing the Symbol-Error-Rate for Amplify and Forward Relaying Systems using Evolutionary Algorithms},
  author={Ahmed, Sajid},
  journal={IEEE Transactions on Communications},
  volume={63},
  number={2},
  pages={390-400},
  year={2015},
}

@article{TateEvolutionary,
  title={Evolutionary and Principled Search Strategies for Sensornet Protocol Optimization},
  author={Tate, J. and Woolford-Lim, B. and Bate, I. and Yao, Xin},
}

@inproceedings{li2018optimization,
  title={Optimization based Layer-wise Magnitude-based Pruning for DNN Compression.},
  author={Li, Guiying and Qian, Chao and Jiang, Chunhui and Lu, Xiaofen and Tang, Ke},
  booktitle={IJCAI},
  pages={2383--2389},
  year={2018}
}