@inproceedings{Tan2009Adaptive,
  title={Adaptive game AI for Gomoku},
  author={Tan, Kuan Liang and Tan, Chin Hiong and Tan, Kay Chen and Tay, Arthur},
  booktitle={International Conference on Autonomous Robots & Agents},
  year={2009},
}

@article{M2001Global,
  title={Global and local game tree search},
  author={MÃ¼ller, Martin},
  journal={Information Sciences},
  volume={135},
  number={3},
  pages={187-206},
  year={2001},
}

@inproceedings{Tang2017ADP,
  title={ADP with MCTS algorithm for Gomoku},
  author={Tang, Zhentao and Zhao, Dongbin and Shao, Kun and Lv, Le},
  booktitle={Computational Intelligence},
  year={2017},
}

@inproceedings{Wang2014Evolving,
  title={Evolving Gomoku solver by genetic algorithm},
  author={Wang, Junru and Lan, Huang},
  booktitle={Advanced Research & Technology in Industry Applications},
  year={2014},
}

@article{Aho1975Efficient,
  title={Efficient string matching: an aid to bibliographic search},
  author={Aho and Alfred V and Corasick and Margaret J},
  journal={Comm Acm},
  volume={18},
  number={6},
  pages={333-340},
  year={1975},
}

@article{Case1971Gomoku,
  title={Gomoku.},
  author={Case, Richard H},
  journal={Computer Programs},
  pages={68},
  year={1971},
}